
@misc{noauthor_registrierung_nodate,
	title = {Registrierung - {Support} - {Apple} {Developer}},
	url = {https://developer.apple.com/de/support/enrollment/},
	urldate = {2023-06-10},
	file = {Registrierung - Support - Apple Developer:C\:\\Users\\PhillippPa\\Zotero\\storage\\NZDBD2NA\\enrollment.html:text/html},
}
