
@misc{noauthor_lerntipps_nodate,
	title = {Lerntipps: {Die} 6 besten {Tipps} f√ºr {Studenten} \& {Sch√ºler}! üöÄ},
	shorttitle = {Lerntipps},
	url = {https://www.studienstrategie.de/lernen/lerntipps-fuer-pruefungen-wie-lernen-studenten-und-schueler-am-besten/},
	abstract = {Lerntipps: Wie lerne ich am besten? Mit diesen 6 Top-Lerntipps von Dr. Krengel werden deine Pr√ºfungen zum Kinderspiel. Bestnote garantiert!},
	language = {de},
	urldate = {2023-05-10},
	file = {Snapshot:C\:\\Users\\PhillippPa\\Zotero\\storage\\YFLPQKL4\\lerntipps-fuer-pruefungen-wie-lernen-studenten-und-schueler-am-besten.html:text/html},
}

@misc{noauthor_registrierung_nodate,
	title = {Registrierung - {Support} - {Apple} {Developer}},
	url = {https://developer.apple.com/de/support/enrollment/},
	urldate = {2023-06-10},
	file = {Registrierung - Support - Apple Developer:C\:\\Users\\PhillippPa\\Zotero\\storage\\NZDBD2NA\\enrollment.html:text/html},
}

@misc{appsoluts_unterschied_2016,
	title = {Der {Unterschied} zwischen {iOS} {Entwicklung} \& {Android} {Entwicklung} !},
	url = {https://appsoluts.de/android-entwicklung-vs-ios-entwicklung/},
	abstract = {Android Entwicklung vs. iOS Entwicklung - Wir erkl√§ren den Unterschied zwischen iOS Entwicklung und Anroid Entwicklung},
	language = {de-DE},
	urldate = {2023-06-10},
	journal = {\_app:soluts/* - App Agentur f√ºr innovative App Entwicklung - D√ºsseldorf},
	author = {appsoluts},
	month = nov,
	year = {2016},
	file = {Snapshot:C\:\\Users\\PhillippPa\\Zotero\\storage\\UAFX6PP5\\android-entwicklung-vs-ios-entwicklung.html:text/html},
}

@misc{bollhoff_kotlin_2022,
	title = {Kotlin vs {Java}: strengths, weaknesses and when to use which},
	shorttitle = {Kotlin vs {Java}},
	url = {https://kruschecompany.com/kotlin-vs-java/},
	abstract = {Kotlin is already number 1 as far as Android app development is concerned and now it is being used for other purposes as well. Will Kotlin soon take over other core applications once dominated by Java?},
	language = {en-US},
	urldate = {2023-06-10},
	author = {B√∂llhoff, Patrick},
	month = jan,
	year = {2022},
	note = {Section: Mobile app development},
	file = {Snapshot:C\:\\Users\\PhillippPa\\Zotero\\storage\\V3ZF2VYM\\kotlin-vs-java.html:text/html},
}

@misc{maier_definition_lernen_nodate,
	type = {Text},
	title = {Definition: {Lernen}},
	shorttitle = {Definition},
	url = {https://wirtschaftslexikon.gabler.de/definition/lernen-41169},
	abstract = {Was ist "Lernen"? Definition im Gabler Wirtschaftslexikon vollst√§ndig und kostenfrei online. ‚úìGepr√ºftes Wissen beim Original.},
	language = {de},
	urldate = {2023-07-03},
	journal = {https://wirtschaftslexikon.gabler.de/definition/lernen-41169},
	author = {Maier, Prof Dr G√ºnter W.},
	file = {Snapshot:C\:\\Users\\ppatz\\Zotero\\storage\\G6KJB595\\Maier - Definition Lernen.html:text/html},
}

@book{beck_das_neue_lernen_hei√üt_verstehen,
	address = {Berlin},
	edition = {3. Auflage},
	title = {Das neue {Lernen} hei√üt {Verstehen}},
	isbn = {978-3-550-20049-6},
	language = {ger},
	publisher = {Ullstein},
	author = {Beck, Henning},
	year = {2021},
	file = {Table of Contents PDF:C\:\\Users\\ppatz\\Zotero\\storage\\7AAJXQKS\\Beck - 2021 - Das neue Lernen hei√üt Verstehen.pdf:application/pdf},
}

@misc{spacing_effect,
	title = {The {Spacing} {Effect}: {How} to {Improve} {Learning} and {Maximize} {Retention}},
	shorttitle = {The {Spacing} {Effect}},
	url = {https://fs.blog/spacing-effect/},
	abstract = {We are not taught how to learn in school, we are taught how to pass tests. The spacing effect is a far more effective way to learn and retain information that works with our brain instead of against it. Find out how to use it here.},
	language = {en-US},
	urldate = {2023-07-05},
	journal = {Farnam Street},
	author = {Street, Farnam},
	month = dec,
	year = {2018},
	file = {Snapshot:C\:\\Users\\PhillippPa\\Zotero\\storage\\SXWY9UTM\\spacing-effect.html:text/html},
}

@misc{Firestore,
	title = {W√§hlen {Sie} eine {Datenbank} aus: {Cloud} {Firestore} oder {Echtzeitdatenbank} {\textbar} {Firebase} {Realtime} {Database}},
	shorttitle = {W√§hlen {Sie} eine {Datenbank} aus},
	url = {https://firebase.google.com/docs/database/rtdb-vs-firestore?hl=de},
	language = {de-x-mtfrom-en},
	urldate = {2023-07-07},
	file = {Snapshot:C\:\\Users\\PhillippPa\\Zotero\\storage\\DP2PXLHZ\\rtdb-vs-firestore.html:text/html},
}

@misc{Firebase_Pricing,
	title = {Firebase {Pricing}},
	url = {https://firebase.google.com/pricing},
	abstract = {Get started with Firebase at no cost, and then scale worldwide to millions of users, paying only for what you use.},
	language = {en},
	urldate = {2023-07-07},
	journal = {Firebase},
	file = {Snapshot:C\:\\Users\\PhillippPa\\Zotero\\storage\\87M9M3LM\\pricing.html:text/html},
}

@book{Kandel2012,
  title={Principles of Neural Science},
  author={Kandel, E.R. and Schwartz, J.H. and Jessell, T.M. and Siegelbaum, S.A. and Hudspeth, A.J.},
  year={2012},
  publisher={McGraw-Hill Medical}
}

@book{Bear2015,
  title={Neuroscience: Exploring the Brain},
  author={Bear, M.F. and Connors, B.W. and Paradiso, M.A.},
  year={2015},
  publisher={Wolters Kluwer Health}
}

@article{Cooke2006,
  title={Synaptic plasticity and learning},
  author={Cooke, S.F. and Bliss, T.V.P.},
  journal={Current opinion in neurobiology},
  volume={16},
  number={2},
  pages={146--152},
  year={2006},
  publisher={Elsevier Current Trends}
}

@book{Hebb1949,
  title={The Organization of Behavior: A Neuropsychological Theory},
  author={Hebb, D.O.},
  year={1949},
  publisher={John Wiley \& Sons}
}

@book{Spitzer2002,
  title={Lernen: Gehirnforschung und die Schule des Lebens},
  author={Spitzer, M.},
  year={2002},
  publisher={Spektrum Akademischer Verlag}
}
@inproceedings{Deterding2011,
  title={From game design elements to gamefulness: Defining gamification},
  author={Deterding, S. and Dixon, D. and Khaled, R. and Nacke, L.},
  booktitle={Proceedings of the 15th International Academic MindTrek Conference: Envisioning Future Media Environments},
  pages={9--15},
  year={2011},
  organization={ACM}
}

@article{Hamari2014,
  title={Does gamification work? A literature review of empirical studies on gamification},
  author={Hamari, J. and Koivisto, J. and Sarsa, H.},
  journal={Proceedings of the 47th Hawaii International Conference on System Sciences, Hawaii, USA},
  year={2014},
  organization={IEEE}
}

@book{Kapp2012,
  title={The Gamification of Learning and Instruction: Game-based Methods and Strategies for Training and Education},
  author={Kapp, K.M.},
  year={2012},
  publisher={Pfeiffer}
}

@article{Hanus2015,
  title={Learning in color: How color and affect influence learning outcomes},
  author={Hanus, M.D. and Fox, J.},
  journal={IEEE Transactions on Affective Computing},
  volume={7},
  number={3},
  pages={243--252},
  year={2015},
  publisher={IEEE}
}

@article{Landers2014,
  title={Developing a Theory of Gamified Learning: Linking Serious Games and Gamification of Learning},
  author={Landers, R.N.},
  journal={Simulation \& Gaming},
  volume={45},
  number={6},
  pages={752--768},
  year={2014},
  publisher={SAGE Publications}
}

@book{Nicholson2015,
  title={A RECIPE for Meaningful Gamification},
  author={Nicholson, S.},
  booktitle={Gamification in Education and Business},
  pages={1--20},
  year={2015},
  publisher={Springer}
}

@online{Dagger2021,
  author = {Google},
  title = {Dagger Hilt},
  year = 2021,
  url = {https://dagger.dev/hilt/},
  urldate = {2023-07-12}
}

@online{AndroidDevelopers2021,
  author = {Google},
  title = {Dependency injection with Hilt},
  year = 2021,
  url = {https://developer.android.com/training/dependency-injection/hilt-android},
  urldate = {2023-07-12}
}

@online{Markwon2022,
  author = {Noties},
  title = {Markwon: a Markdown library for Android},
  year = 2022,
  url = {https://noties.io/Markwon/},
  urldate = {2023-07-12}
}

@misc{Gruber2004,
  author = {Gruber, John},
  title = {Markdown},
  year = 2004,
  url = {https://daringfireball.net/projects/markdown/},
  urldate = {2023-07-12}
}
@online{Glide2022,
  author = {Bumptech},
  title = {Glide: An image loading and caching library for Android focused on smooth scrolling},
  year = 2022,
  url = {https://bumptech.github.io/glide/},
  urldate = {2023-07-12}
}

@online{GlideGithub2022,
  author = {Bumptech},
  title = {Glide Repository on GitHub},
  year = 2022,
  url = {https://github.com/bumptech/glide},
  urldate = {2023-07-12}
}

@online{AndroidNav2022,
  author = {Google},
  title = {Navigation Component | Android Developers},
  year = 2022,
  url = {https://developer.android.com/guide/navigation},
  urldate = {2023-07-12}
}

@online{AndroidJetpack2022,
  author = {Google},
  title = {Android Jetpack},
  year = 2022,
  url = {https://developer.android.com/jetpack},
  urldate = {2023-07-12}
}

@online{FirebaseSDK2022,
  author = {Google},
  title = {Firebase Android SDK on GitHub},
  year = 2022,
  url = {https://github.com/firebase/firebase-android-sdk},
  urldate = {2023-07-12}
}

@online{Firebase2022,
  author = {Google},
  title = {Firebase: Mobile App Development Platform},
  year = 2022,
  url = {https://firebase.google.com/},
  urldate = {2023-07-12}
}

@online{AndroidAppArchitecture,
  author = {Google},
  title = {Guide to app architecture},
  year = 2023,
  url = {https://developer.android.com/topic/architecture},
  urldate = {2023-07-12}
}

@online{MicrosoftMVVM2022,
  author = {Microsoft},
  title = {The MVVM Pattern},
  year = 2009,
  url = {https://docs.microsoft.com/en-us/archive/msdn-magazine/2009/february/patterns-wpf-apps-with-the-model-view-viewmodel-design-pattern},
  urldate = {2023-07-12}
}
@online{firebase_overview,
  title={Firebase Overview},
  url={https://firebase.google.com/docs},
  year={2023},
  urldate={2023-07-15}
}

@online{firebase_auth,
  title={Firebase Authentication},
  url={https://firebase.google.com/products/auth},
  year={2023},
  urldate={2023-07-15}
}

@online{firebase_security,
  title={Firebase Security},
  url={https://firebase.google.com/docs/auth/admin/security},
  year={2023},
  urldate={2023-07-15}
}

@online{firebase_privacy,
  title={Firebase Privacy},
  url={https://firebase.google.com/support/privacy},
  year={2023},
  urldate={2023-07-15}
}

@online{firebase_storage,
  title={Firebase Storage},
  url={https://firebase.google.com/products/storage},
  year={2023},
  urldate={2023-07-15}
}

@online{firebase_encryption,
  title={Firebase Encryption},
  url={https://firebase.google.com/docs/storage/security/start},
  year={2023},
  urldate={2023-07-15}
}

@online{firebase_access_control,
  title={Firebase Access Control},
  url={https://firebase.google.com/docs/storage/security/user-security},
  year={2023},
  urldate={2023-07-15}
}

@online{firebase_compliance,
  title={Firebase Compliance},
  url={https://firebase.google.com/support/privacy#firebase-is-certified-under-major-privacy-and-security-standards},
  year={2023},
  urldate={2023-07-15}
}
